<?xml version="1.0" encoding="UTF-8"?><record xmlns="http://www.loc.gov/MARC21/slim" xmlns:cinclude="http://apache.org/cocoon/include/1.0" xmlns:zs="http://www.loc.gov/zing/srw/">
  <leader>00468cz  a2200145n  4500</leader>
  <controlfield tag="001">n  89263910 </controlfield>
  <controlfield tag="003">DLC</controlfield>
  <controlfield tag="005">19920218092323.8</controlfield>
  <controlfield tag="008">911205n| acannaab|          |a aaa |||  </controlfield>
  <datafield tag="010" ind1=" " ind2=" ">
    <subfield code="a">n  89263910 </subfield>
  </datafield>
  <datafield tag="040" ind1=" " ind2=" ">
    <subfield code="a">DLC</subfield>
    <subfield code="c">DLC</subfield>
    <subfield code="d">DLC</subfield>
  </datafield>
  <datafield tag="100" ind1="1" ind2="0">
    <subfield code="a">Jyoti, Shubhra,</subfield>
    <subfield code="d">1960-</subfield>
  </datafield>
  <datafield tag="400" ind1="0" ind2="0">
    <subfield code="a">Shubhra Jyoti,</subfield>
    <subfield code="d">1960-</subfield>
  </datafield>
  <datafield tag="400" ind1="1" ind2="0">
    <subfield code="a">Jyoti, S.</subfield>
    <subfield code="q">(Shubhra),</subfield>
    <subfield code="d">1960-</subfield>
  </datafield>
  <datafield tag="670" ind1=" " ind2=" ">
    <subfield code="a">His Munger, a land of tradition and dream, 1990:</subfield>
    <subfield code="b">t.p. (Shubhra Jyoti) jkt. (S. Jyoti; b. 1960; M.A., Eng., Bhagalpur U.)</subfield>
  </datafield>
</record>